1898 2770
143 254 311 302 partibus
333 254 531 292 restrinxit.
558 254 813 299 Quaestionem
836 254 884 290 ad
906 237 1015 291 finem
1037 243 1217 301 perdunt,
1237 251 1287 291 ill
1299 297 1301 299 ¹

145 315 190 351 de
209 326 252 351 ea
270 318 394 361 agunt,
412 314 525 351 libros
543 315 726 360 congessit
743 314 790 350 M.
803 314 848 350 de
865 313 1040 361 Karajan.
1045 319 1058 340 ⁵
1083 314 1180 358 Qui
1169 325 1208 350 m
1227 303 1428 369 disputatae

145 374 244 421 leges
266 374 395 410 talium
414 374 666 420 quaestionum
689 373 925 420 investigatas
943 373 1105 410 diserte
1094 386 1133 410 ιιι
1151 372 1217 409 has
1235 375 1409 419 quattuor
1425 372 1492 411 red
1519 375 1532 380 ⁴⁴

145 433 253 480 gulae
275 437 401 480 partes
425 434 493 472 sibi
516 433 775 480 respondentes
798 433 904 479 plane
927 445 971 469 ac
995 433 1100 479 plene
1123 433 1219 469 inter
1243 445 1282 470 se
1305 436 1508 479 congruant

144 505 301 528 numero
318 504 498 536 versuum,
518 493 565 539 2.)
576 496 702 528 metro.
722 493 768 539 3.)
780 492 908 528 Partes
925 492 1184 539 respondentes
1202 492 1477 529 circumscribat
1493 503 1557 529 sen
1574 509 1587 536 ‚-

145 553 235 588 ordo
260 556 298 588 et
324 564 537 588 scaenarum
564 552 727 587 mutatio.
762 554 809 597 4.)
837 552 965 587 Partes
996 564 1067 587 non
1098 552 1192 588 aliae
1223 552 1292 587 nisi
1324 552 1484 588 eiusdem
1515 543 1657 598 gene'ris

145 611 397 658 respondeant,
424 611 445 646 i.
464 623 493 647 e.
511 611 723 657 monologus
750 611 949 657 monologo,
977 611 1143 657 dialogus
1169 610 1358 657 dialogo..
1445 650 1447 652 ,
1677 608 1680 611 ’

245 671 321 705 Has
354 670 451 715 leges
477 670 651 715 probatas
676 670 813 714 habe03
846 673 1009 704 attamen
1036 669 1127 705 haec
1152 670 1314 705 notanda
1339 674 1447 716 puto:
1482 670 1526 715 1.)
1552 669 1631 705 Hae
1655 659 1769 721 lem

146 730 309 775 quamvis
336 729 409 764 sint
434 729 620 774 probatae,
646 729 829 765 fluxerunt
855 741 898 764 ex
924 729 1144 767 carminibus
1168 730 1323 763 Graecis
1346 729 1460 774 iisque
1488 730 1656 774 tragici83
1679 739 1709 780 q

146 789 192 825 de
217 800 256 824 re
278 801 352 834 per
374 801 414 823 se
440 800 511 824 non
539 789 657 824 elucet
683 800 744 824 eas
771 788 879 824 licere
906 788 943 823 in
970 790 1122 823 Latinis
1146 800 1288 834 quoque
1319 788 1483 824 adhiberi
1511 774 1769 840 comoedias-*J

147 852 257 895 atque
281 860 347 894 ego
372 848 516 894 quidem
542 848 629 883 mihi
652 849 817 895 persuasi
839 848 921 883 illas
942 848 1119 895 Karajani
1142 850 1293 893 tegulas
1315 850 1417 894 apud
1431 849 1627 897 Romanos
1640 845 1767 886 fuisse

146 910 313 943 laxiores
344 908 452 953 idque
485 908 662 954 imprimis
695 908 739 942 de
772 908 884 943 tertia
915 912 951 943 et
983 912 1114 953 quarta
1144 908 1271 953 regula
1302 907 1508 953 ponendum
1533 906 1683 945 videtur*
1711 918 1765 948 ac-

110 976 113 979 *
148 967 371 1002 sumendum.
377 972 389 991 ⁷
418 968 464 1013 2.)
483 967 584 1010 Quod
613 967 742 1002 summi
770 970 825 1002 est
851 967 1036 1002 momenti:
1064 967 1109 1002 de
1136 966 1342 1002 fabularum
1370 965 1627 1012 compositione
1644 956 1759 1002 Grae-³

147 1038 271 1061 carum
298 1027 383 1070 quia
415 1026 518 1071 copia
551 1026 648 1060 iusta
679 1026 852 1060 librorum
887 1029 943 1060 est
977 1026 1125 1070 scripta,
1157 1025 1299 1060 facilius
1330 1037 1388 1060 res
1419 1028 1456 1060 et
1486 1025 1581 1060 ratio
1612 1023 1767 1082 penitus

147 1084 374 1130 perspicitur.
419 1084 523 1130 Apud
555 1084 738 1119 Romanos
772 1088 900 1119 contra
936 1083 1023 1119 nihil
1060 1083 1136 1119 fere
1170 1083 1214 1119 de
1250 1084 1409 1119 diverbio
1443 1083 1665 1129 disponendo
1690 1082 1769 1120 est

146 1144 391 1187 observatum3
422 1146 569 1189 praeter
599 1145 644 1177 Ε.
665 1145 814 1178 Klotzii
848 1143 1162 1178 dissertationem⁸
1188 1142 1275 1178 mihi
1310 1143 1455 1188 cognita
1486 1146 1571 1178 sunt
1601 1142 1768 1197 178111711111,“

146 1214 239 1247 quae
257 1202 301 1237 de
320 1202 449 1238 Plauto
467 1206 572 1237 acute
591 1202 783 1237 observata
801 1202 1049 1247 pronuntiavit
1074 1202 1110 1236 in
1130 1201 1253 1237 schola
1271 1201 1501 1237 Goldbacher
1519 1201 1755 1238 Οτι-6661611818.

246 1261 486 1305 Quamobrem
524 1273 594 1296 non
631 1261 788 1296 alienum
820 1265 876 1297 est
907 1273 1094 1307 quaerere,
1126 1273 1213 1296 num
1250 1261 1336 1306 quid
1371 1261 1445 1296 tale
1481 1257 1684 1297 invematur
1718 1261 1770 1297 in⁴

146 1321 324 1356 Terentio.

247 1380 324 1416 Hoc
351 1381 387 1415 in
415 1381 586 1426 opusculo
613 1380 909 1426 pertractandam
937 1380 1024 1415 mihi
1049 1380 1219 1426 proposui
1243 1381 1565 1421 «Phor-mmmm»,
1592 1378 1757 1427 fabulam,

145 1440 246 1474 illam
270 1440 506 1481 notissimam,
535 1440 610 1474 sine
634 1439 742 1474 certis
765 1439 904 1484 legibus
926 1442 1011 1474 ante
1035 1439 1157 1474 oculos
1176 1439 1369 1484 propositis
1393 1450 1544 1484 eamque
1562 1438 1763 1483 dissolvam.

144 1498 181 1533 in
215 1502 339 1544 partes
375 1499 545 1540 minores,
580 1501 694 1533 nixus
723 1503 809 1533 ante
843 1501 967 1533 omnia
997 1498 1034 1533 in
1066 1510 1234 1533 connexu
1264 1501 1552 1540 sententiatum,
1587 1497 1648 1543 qui
1677 1497 1765 1535 sine:

146 1557 255 1592 dubio
282 1558 329 1592 ad
355 1570 431 1593 rem
459 1558 604 1593 maximi
631 1562 687 1592 est
713 1558 900 1600 momenti,
932 1560 1118 1592 interdum
1146 1560 1261 1592 etiam
1287 1569 1328 1592 re
1355 1560 1522 1592 mettica.
1557 1549 1764 1604 Dispositio-

147 1617 372 1663 singularum
399 1628 613 1652 scaenarum
642 1616 728 1651 mihi
757 1617 972 1652 occurrebat
998 1628 1062 1662 per
1089 1628 1142 1659 se,
1177 1628 1396 1662 quamquam
1428 1615 1675 1652 confitendum
1691 1607 1764 1658 est

146 1687 203 1711 me
238 1687 346 1721 saepe
381 1687 512 1710 scaena
544 1676 654 1710 semel
689 1676 849 1720 perlecta
883 1676 1114 1720 symmetriae
1148 1675 1237 1709 nihil
1270 1675 1586 1718 animadvertisse3‘
1611 1670 1765 1720 penitus:

147 1733 292 1769 demum
328 1738 501 1780 percepta
538 1737 663 1780 partes
700 1746 763 1780 per
802 1745 840 1769 se
877 1734 976 1780 ipsae
1014 1737 1210 1770 evenerunt
1246 1730 1501 1769 convenientes
1534 1737 1572 1770 et
1605 1731 1756 1782 numero

147 1805 315 1828 versuum
343 1797 379 1828 et
407 1793 588 1828 sententia
614 1793 651 1827 in
677 1794 720 1828 iis
746 1794 873 1838 posita.

247 1852 351 1895 Cum,
384 1864 454 1898 quo
485 1853 600 1897 magis
631 1852 770 1888 adverti
797 1853 956 1887 animum
983 1852 1017 1887 in
1047 1852 1208 1898 singulas
1234 1855 1368 1898 partes,
1405 1864 1447 1888 60
1481 1852 1636 1899 amplior
1668 1848 1760 1889 mihil

146 1913 222 1947 visa
256 1912 304 1947 sit
338 1912 561 1958 symmetria,
597 1924 667 1946 non
702 1911 842 1954 dubito,
879 1912 963 1957 quin
998 1913 1027 1947 si
1059 1912 1139 1957 quis
1170 1912 1417 1947 subtilioribus
1447 1912 1660 1947 rationibus
1677 1907 1756 1948 rem

148 1975 403 2016 persequatur,
437 1971 532 2005 haud
562 1971 803 2015 spernendum
837 1972 957 2016 capiat
983 1970 1142 2006 fluctum
1170 1971 1383 2016 praesertim
1410 1970 1575 2006 omnibus
1601 1969 1756 2013 Terenti,

146 2029 279 2065 fabulis
305 2030 522 2076 perquisitis.
1721 2019 1725 2022 ’

247 2127 413 2156 ⁴¹«Metrik
436 2128 490 2158 der
510 2129 659 2158 Griechen
683 2129 742 2158 und
765 2129 917 2163 Romam,
941 2138 968 2166 p.
985 2130 1043 2158 603
1065 2137 1128 2166 sqq.

248 2170 381 2206 ⁵«Uber
408 2177 465 2206 den
493 2177 557 2206 Bau
587 2177 640 2206 der
667 2178 937 2215 Rezitativpartien
966 2177 1020 2206 der
1047 2177 1159 2214 griech.
1179 2177 1343 2214 Tragiker»
1366 2177 1417 2214 (1.)
1437 2177 1467 2205 in
1490 2177 1567 2206 libro
1591 2177 1757 2207 «Analecta

146 2226 364 2254 Graeciensia.»
390 2227 468 2255 Graz
492 2228 577 2262 1893,
598 2236 626 2264 p.
647 2229 738 2255 157—
746 2228 811 2255 164.

247 2274 259 2290 ⁶
280 2274 466 2312 Quamquam
481 2275 511 2303 id
527 2275 777 2304 considerandum
792 2278 838 2304 est
852 2275 1007 2304 archaicos
1022 2274 1184 2312 praecipue
1202 2277 1306 2312 poetas
1320 2274 1444 2303 Latinos
1458 2273 1563 2303 ordine
1574 2254 1756 2312 argumenti,

147 2333 201 2361 per
222 2324 388 2353 sententias
410 2324 489 2352 inter
510 2333 542 2353 se
563 2324 721 2353 conclusas
743 2324 818 2353 bene
842 2324 998 2361 disposito,
1019 2323 1114 2353 fuisse
1136 2323 1318 2353 subtiliores.
1453 2348 1455 2350 ,
1749 2331 1754 2334 ·

247 2373 257 2389 ⁷
280 2372 322 2401 Cf.
337 2372 426 2409 infra,
442 2382 469 2410 p.
482 2375 510 2410 8,
526 2381 600 2401 vers.
618 2374 682 2410 102,
703 2373 753 2401 ubi
769 2373 952 2402 intermissio
973 2373 1071 2410 posita
1085 2373 1116 2401 iu
1132 2372 1230 2402 media
1245 2376 1291 2402 est
1305 2373 1455 2410 oratione3
1477 2382 1522 2401 vv.
1545 2373 1711 2410 112—139,
1727 2367 1763 2403 εἶ’

146 2431 286 2451 numeros
301 2426 436 2459 spectas,
458 2431 517 2451 non
537 2421 628 2460 plane
648 2422 798 2459 quadrant
816 2422 855 2451 ad
876 2431 920 2451 vv.
938 2423 1055 2452 51-79
1075 2426 1105 2451 et
1118 2424 1265 2452 80-108.
1287 2412 1436 2452 Versiculi
1458 2423 1517 2452 325
1535 2422 1654 2461 syllaba
1670 2416 1768 2453 ‹Ah-⁵

145 2471 283 2509 sequenti
310 2475 357 2500 est
384 2471 543 2501 adicienda
569 2471 662 2508 parti,
689 2471 813 2508 perinde
835 2481 880 2499 vv.
896 2472 954 2500 626
980 2480 1035 2500 «an
1056 2471 1203 2509 legibus».
1237 2472 1281 2501 De
1303 2481 1328 2500 v.
1346 2472 1404 2501 795
1424 2471 1484 2500 vid.
1500 2480 1554 2501 suo
1575 2471 1642 2501 loco
1661 2464 1768 2510 {aml-

245 2520 257 2537 ⁸
280 2520 359 2550 «Zur
374 2520 582 2550 Allitteration
600 2520 661 2549 und
680 2520 857 2559 Symmetrie
872 2520 919 2549 bei
935 2520 994 2550 Tit.
1010 2521 1104 2551 Maec.
1119 2520 1257 2558 Plautus,
1277 2520 1490 2550 insbesondere
1504 2520 1546 2549 im
1559 2524 1661 2550 ersten
1674 2511 1764 2558 Akte,

144 2569 197 2600 (168
218 2570 283 2599 Μ11.
298 2570 408 2608 glor.»;
429 2570 553 2607 Beilage
574 2579 613 2599 zu
634 2570 692 2599 den
714 2569 918 2599 Nachrichten
940 2570 1015 2599 fiber
1035 2570 1088 2599 das
1109 2570 1300 2599 Johanneum
1321 2570 1352 2599 in
1373 2569 1485 2607 Zittau,
1509 2571 1594 2600 1876.
1756 2564 1760 2567 ’
