1898 2770
151 681 200 714 Μ
223 683 245 728 χ’
261 685 301 719 et
316 682 497 718 Phaedria
521 683 665 718 abeant.
691 682 850 728 Antipho
875 683 1090 728 perterritus
1117 694 1155 718 se
1182 687 1432 728 suscepturum
1458 695 1536 735 esse
1562 682 1745 728 pollicitur

180 736 189 742 ”
204 736 422 793 mationem,
448 741 493 776 de
519 753 592 786 qua
617 752 699 776 eum
725 741 831 776 docet
856 740 951 777 Geta
977 742 1088 787 (215).
1121 741 1191 777 Sed
1218 742 1368 776 simulac
1394 742 1568 788 conspicit
1592 745 1743 788 patrem,

227 962 232 970 .
253 917 363 954 uitur.
392 940 437 957 ,-
466 918 619 955 Schema
645 930 811 955 scaenae:

617 978 679 1013 Vv.
699 980 784 1024 (179
797 1000 838 1004 —
851 981 919 1014 190
939 1007 946 1013 .
965 1006 972 1013 .
992 1006 999 1013 .
1019 970 1213 1022 canticum)

717 1040 975 1074 191—199..
994 1065 1001 1072 .
1021 1040 1042 1073 8
1068 1049 1158 1073 vers.

716 1100 920 1132 200-207
940 1126 947 1132 .
967 1125 974 1132 .
993 1125 1000 1132 .
1019 1100 1041 1132 8
1099 1113 1111 1127 »
1162 1093 1175 1198 ἓ

714 1158 918 1192 208—215
939 1184 946 1191 .
966 1185 973 1191 .
992 1184 999 1192 .
1020 1160 1041 1192 8

714 1218 918 1252 216—218
937 1244 945 1251 .
965 1244 972 1251 .
991 1245 998 1251 .
1020 1219 1040 1252 3
1097 1232 1110 1247 ›

712 1278 915 1311 219—222
935 1304 942 1311 .
962 1279 1046 1311 ..4
1102 1291 1115 1306 »
1164 1272 1176 1356 Ι

713 1337 916 1370 223-226
935 1363 943 1369 .
963 1363 969 1369 .
989 1363 996 1370 .
1023 1338 1046 1370 4

713 1396 995 1430 227—230...
1022 1397 1045 1429 4
1103 1357 1172 1439 »Ι

288 1463 364 1496 III.
383 1474 522 1497 scaena
548 1463 788 1508 (231—314).

240 1520 400 1556 Meissner
425 1521 472 1567 (p.
491 1523 563 1557 492
590 1525 627 1557 et
655 1522 739 1566 510)
765 1520 940 1557 violenter
961 1522 1130 1558 tractatis
1147 1522 1308 1558 versibus
1334 1525 1402 1557 237
1428 1525 1466 1556 et
1490 1524 1560 1557 238
1585 1521 1621 1556 in
1642 1521 1745 1556 initio

42 1586 92 1628 ,,,
100 1580 114 1620 ,ἶς
126 1578 247 1616 -huius
278 1591 430 1616 scaenae
461 1581 563 1627 ponit
589 1581 770 1616 canticum
802 1581 849 1616 ad
874 1594 905 1616 v.
925 1584 1016 1625 238;
1052 1581 1115 1617 sed
1146 1581 1264 1617 forma
1295 1581 1447 1617 metrica
1478 1593 1550 1616 non
1580 1584 1637 1616 est
1666 1584 1744 1616 tam

77 1649 107 1690 23
139 1639 250 1682 varia,
277 1651 387 1688 quam
412 1640 449 1675 in
476 1640 627 1676 canticis
652 1641 809 1675 invenire
837 1641 1094 1676 consuevimus.
1120 1641 1191 1676 Alii
1217 1652 1340 1675 omnes
1365 1640 1433 1676 hoc
1459 1640 1537 1675 loco
1562 1640 1744 1675 canticum

110 1689 213 1746 ''jnon
239 1709 318 1734 esse
345 1699 424 1734 iure
451 1699 686 1734 arbitrantur.
715 1699 853 1735 Scaena
881 1703 937 1735 est
964 1699 1017 1734 ita
1039 1699 1228 1745 disposita:
1255 1699 1350 1734 Dum
1379 1698 1473 1734 Geta
1500 1702 1537 1734 et
1565 1698 1743 1734 Phaedria

141 1756 179 1802 se
206 1756 354 1801 abdunt,
381 1757 558 1804 Demipho
585 1770 706 1793 secum
733 1762 956 1804 computans,
983 1759 1070 1804 quid
1096 1758 1143 1794 sit
1170 1770 1208 1794 se
1231 1759 1381 1794 absente
1405 1757 1554 1800 factum,
1580 1757 1744 1800 miratur,

139 1827 297 1863 quonam
332 1817 438 1853 modo
475 1829 512 1853 se
548 1829 719 1853 excusare
756 1817 895 1864 possint
929 1816 1025 1853 filius
1062 1818 1210 1863 eiusque
1246 1817 1333 1853 socii
1367 1817 1478 1864 (238).
1517 1816 1610 1861 Quid
1649 1820 1744 1863 agat,

139 1869 355 1925 praesertim
380 1889 468 1913 cum
494 1877 548 1912 ita
574 1877 621 1912 sit
645 1877 827 1920 irritatus,
857 1882 900 1913 ut
931 1889 975 1913 ne
1002 1877 1171 1913 meditari
1196 1877 1341 1922 quidem
1369 1888 1490 1912 secum
1517 1880 1641 1922 queat,
1673 1888 1746 1922 qua

138 1931 281 1986 ratione
312 1947 351 1972 se
382 1935 551 1972 extrahat
582 1948 624 1972 ex
655 1939 759 1972 tanto
789 1936 1009 1980 discrimine,
1047 1937 1084 1972 in
1115 1936 1211 1983 quod
1241 1936 1409 1972 inciderit
1438 1939 1585 1982 praeter
1610 1935 1746 1982 opinio-

138 2007 222 2039 nem
247 1996 373 2044 (246ss
381 2000 411 2021 ³¹
436 1995 468 2031 A
493 1995 588 2032 Geta
613 1995 792 2031 Phaedria
818 1996 1042 2039 admonetur,
1068 1999 1110 2032 ut
1135 1996 1354 2042 adloqnatur
1381 2008 1511 2032 senem.
1548 1995 1617 2039 Qui
1641 1995 1744 2031 illum

136 2055 315 2103 conspicit
340 2056 452 2100 (253).
470 2095 472 2097 ,
487 2054 666 2090 Phaedria
696 2058 868 2101 patruum
899 2055 1029 2091 leniter
1060 2055 1267 2101 compellat,
1300 2055 1363 2091 sed
1394 2055 1454 2090 ille
1486 2055 1645 2090 minatur
1670 2054 1744 2090 filio

139 2114 282 2153 absenti
295 2114 407 2161 (262).
426 2114 625 2150 Phaedriae
643 2114 746 2149 illum
760 2113 967 2150 defendenti
982 2114 1157 2160 Demipho
1170 2114 1281 2150 obicit
1295 2126 1418 2150 omnes
1432 2126 1511 2150 esse
1525 2114 1743 2158 coniuratos,

139 2170 264 2211 omnes
297 2185 494 2219 congruere
526 2174 637 2219 (269).
672 2173 851 2209 Phaedria
883 2173 1090 2220 respondet:
1127 2173 1306 2219 «Antipho
1339 2173 1427 2208 nihil
1463 2173 1643 2209 commisit
1676 2185 1744 2221 sua

139 2232 256 2280 culpa,
282 2232 347 2273 sed
368 2244 434 2268 nos
458 2244 582 2268 omnes
605 2244 627 2267 a
650 2232 813 2268 malefico
838 2232 995 2278 quodam
1018 2232 1056 2267 in
1072 2232 1205 2268 iudicio
1227 2244 1351 2268 sumus
1368 2232 1454 2268 victi
1471 2233 1583 2279 (278).
1609 2232 1744 2276 Quodsi

139 2291 236 2340 apud
260 2291 400 2328 indices
431 2291 581 2327 verbum
612 2303 684 2327 non
709 2291 909 2338 respondit,
929 2290 1254 2327 adulescentulum
1285 2303 1323 2327 se
1357 2291 1525 2338 praebuit
1551 2287 1744 2328 'liberalem

134 2350 363 2402 et‘pudicum
381 2351 513 2399 (285).›
543 2342 638 2386 Geta
655 2351 834 2387 succurrit
851 2350 1064 2395 Phaedriam
1091 2362 1163 2386 non
1185 2349 1297 2386 fuisse
1315 2354 1535 2399 potestatem
1550 2350 1623 2387 filio
1640 2350 1745 2387 herili

238 2438 264 2457 ’⁰
283 2438 435 2471 Vennum
456 2439 611 2469 191-196
639 2424 809 2469 emendatio
834 2448 895 2469 non
915 2438 1076 2469 admodum
1095 2438 1196 2469 aliena
1216 2439 1351 2477 videtur3
1380 2439 1433 2469 sed
1453 2448 1472 2469 a
1492 2439 1619 2469 consilio
1639 2443 1742 2469 nostro

134 2488 226 2522 abent
243 2488 334 2527 plum
352 2488 391 2519 de
409 2489 458 2519 his
480 2488 589 2518 dicere.

149 2539 157 2565 “.
238 2537 265 2554 ⁸⁰
285 2537 328 2567 Of.
343 2538 536 2576 conspicuam
557 2540 589 2567 et
608 2537 786 2567 concinnam
808 2537 933 2566 Hauleri
954 2537 994 2567 ad
1014 2538 1094 2567 hunc
1115 2546 1234 2567 versum
1254 2538 1490 2568 annotationem.

219 2584 604 2625 ¹¹Dev.243infra.p.
622 2588 667 2616 12.
