1898 2770
168 143 360 188 Chremem
382 137 539 193 primm
557 144 782 193 perterritus,
805 140 861 183 de·
891 188 901 198 f

132 205 242 242 duo
267 206 341 242 sint
367 205 436 242 sibi
461 205 548 242 dati.
576 205 743 242 Schema:
793 212 796 215 ’
983 216 987 220 ‘
1010 222 1012 225 -
1076 224 1078 226 v
1120 215 1152 239 ῃ
1216 235 1218 237 ,

706 264 770 299 Vv.
782 267 857 300 591
882 266 996 300 -593
1014 292 1023 300 .
1041 265 1117 300 ..3
1135 275 1225 300 vers.

736 331 745 343 ⁸
787 325 992 360 594—599
1010 351 1018 359 .
1037 352 1045 359 .
1063 352 1071 359 .
1091 326 1113 360 6
1174 338 1188 354 ι

786 385 992 418 600-605
1010 410 1018 417 .
1036 410 1044 417 .
1064 410 1072 417 .
1091 375 1150 417 61'
1175 399 1188 413 2

317 452 394 486 III.
414 463 553 487 scaena
578 452 666 496 (606
674 472 722 477 --
730 451 825 496 681).

268 519 363 555 Geta
381 519 571 556 Chremete
594 520 796 565 loquaciter
819 520 979 555 salutato
997 520 1100 565 (612)
1117 519 1251 555 transit
1273 519 1321 555 ad
1343 530 1396 562 ea,
1422 530 1516 571 quae
1539 521 1656 576 eraut-v

167 579 352 614 narranda
379 590 488 624 seque
513 579 712 614 remedium
739 578 873 615 habere
898 581 1057 614 testatur
1083 579 1195 625 (618).
1240 577 1456 622 συΟοιινοιιί,
1482 578 1615 624 inquit,
1633 577 1661 610 ἰ

167 638 324 674 mionem
336 638 452 673 solum
469 638 648 684 suasique,
661 642 704 673 ut
723 649 805 673 cum
821 638 916 673 bona
933 649 1228 684 componeremus
1240 637 1360 683 gratia
1370 631 1652 674 controversiam
1654 627 1726 686 (62
1792 681 1795 688 Δ

168 698 319 740 Damno,
337 697 419 739 dixi
438 697 505 733 tibi
523 698 592 733 erit
609 698 748 733 ineunti
765 697 865 733 litem
884 709 966 733 cum
984 697 1127 732 homine
1144 697 1207 732 illo
1225 696 1528 742 eloquentissimo
1547 695 1652 740 Quid
1661 688 1804 743 igitur‘ss'

166 756 221 792 vis
238 757 306 792 tibi
323 756 403 791 dari
422 756 546 803 (635)‘?
570 756 636 792 Ille
653 756 809 803 primum
833 768 898 802 pro
922 755 1145 803 impudentia
1165 767 1232 792 sua
1248 755 1445 803 postulavit
1461 755 1640 792 talentum
1654 751 1803 804 ’(644)ζ,ζξ

169 816 233 853 sed
256 816 376 852 missis
397 816 545 862 ineptiis
567 820 790 862 postremum
814 816 904 852 dixit
927 816 996 852 sibi
1019 828 1097 852 esse
1115 827 1285 862 sponsam
1303 815 1463 861 aliquam
1480 808 1599 862 (653);
1621 816 1653 851 si
1668 808 1786 865 veliet*

167 875 346 921 Demipho
378 875 446 910 sibi
477 875 579 913 dare.
612 879 788 920 quantum
820 874 866 911 ab
898 875 961 910 illa
986 879 1083 910 esset
1108 878 1338 921 accepturus,
1369 875 1479 910 istam
1506 862 1726 921 (Phanium)
1731 861 1797 917 ᾗθ”

167 935 362 971 ducturum
388 936 492 981 (660)
519 947 561 970 ac
587 935 741 981 triginta
768 935 912 980 quidem
938 935 1062 970 minis
1071 934 1139 970 sibi
1161 933 1392 970 vehementer
1417 946 1507 981 opus
1533 945 1612 970 esse
1638 933 1856 982 (667).

168 994 339 1030 Chremes
366 994 590 1040 Demiphone
621 994 808 1040 indignato
840 1006 911 1030 non
942 994 1087 1030 dubitat
1118 997 1309 1039 argentum
1340 993 1515 1039 praebere
1540 994 1653 1040 (673).
1697 993 1776 1038 Quo
1801 986 1866 1042 ζῖῖ

167 1054 267 1099 prius
279 1053 462 1100 parasitus
473 1053 662 1099 pecuniam
677 1053 842 1099 accipiat,
857 1053 968 1088 sumit
981 1052 1151 1089 Chremes
1165 1052 1209 1088 de
1222 1051 1346 1089 fructu
1358 1052 1498 1099 praedii
1512 1052 1650 1088 Lemnii
1663 1052 1777 1099 (681).
1830 1040 1889 1104 j—

267 1113 402 1148 Versus
427 1112 481 1147 ita
508 1116 592 1147 sunt
619 1113 783 1147 connexi:
819 1114 863 1156 1.)
891 1116 910 1147 7
931 1113 977 1156 —4-
999 1115 1020 1146 6
1041 1111 1084 1155 -4-
1106 1115 1143 1154 8,
1180 1111 1310 1157 quibus
1343 1111 1550 1148 continetur
1575 1106 1794 1156 exordium3'
1832 1112 1883 1157 ³³]

169 1173 215 1217 2.)
242 1172 362 1208 media
394 1183 479 1218 pars
506 1173 542 1218 (9
563 1171 611 1217 -1-
631 1175 651 1207 9
672 1172 717 1217 -Ι-
739 1172 791 1217 9),
824 1183 896 1217 qua
928 1183 1123 1217 quamnam
1153 1171 1331 1207 rationem
1361 1171 1537 1207 invenerit
1561 1170 1656 1207 Geta
1681 1167 1789 1208 com-4.
1830 1169 1876 1222 ‘{†
1887 1176 1889 1178 '

167 1232 327 1278 perimus
350 1232 398 1266 ad
421 1231 704 1278 comparandam
729 1231 920 1275 Phanium;
948 1231 994 1276 3.)
1018 1243 1061 1266 ex
1083 1230 1194 1266 tertia
1211 1234 1321 1276 atque
1343 1230 1472 1266 ultima
1497 1234 1602 1277 parte
1628 1229 1777 1277 cognos-
1823 1231 1890 1288 ἑ

168 1292 283 1327 cimus
317 1295 456 1327 certam
495 1294 532 1326 et
570 1290 710 1326 finitam
743 1290 968 1327 Phormionis
1005 1290 1264 1333 condicionem,
1304 1291 1361 1326 cui
1395 1289 1566 1327 Chremes
1601 1289 1775 1327 concedit.

168 1350 335 1386 Schema:
616 1355 678 1390 Vv.
696 1357 899 1390 606—612
920 1383 927 1389 .
947 1383 953 1390 .
973 1383 980 1390 .
1001 1358 1021 1390 7
1040 1366 1128 1390 vers

696 1417 901 1449 613-—618
920 1442 927 1448 .
946 1442 954 1448 .
973 1442 980 1448 .
1001 1417 1021 1448 6
1077 1430 1090 1443 ›
1150 1351 1170 1521 }

695 1475 899 1508 619—626
918 1501 925 1507 .
945 1501 952 1508 .
971 1501 978 1507 .
998 1475 1020 1508 8

695 1534 900 1568 627-635
920 1561 927 1568 .
945 1561 953 1568 .
973 1561 981 1568 .
1001 1536 1022 1568 9

695 1594 902 1626 636—644
920 1619 927 1626 .
947 1619 954 1625 .
974 1619 981 1626 .
1001 1594 1022 1626 9
1077 1607 1091 1621 »
1153 1527 1168 1698 Ε

695 1653 901 1686 645—653
922 1679 929 1685 .
950 1680 953 1684 ,
973 1678 981 1686 .
1001 1652 1021 1685 9
1078 1667 1090 1681 »

695 1712 901 1745 654—660
918 1737 926 1744 .
947 1737 953 1744 .
973 1737 980 1744 .
1002 1712 1021 1744 7

696 1771 899 1804 661—-667
920 1797 926 1803 .
946 1796 952 1803 .
973 1797 980 1803 .
1001 1772 1020 1803 7
1077 1783 1090 1798 ,
1152 1758 1166 1844 l

695 1831 899 1864 668—673
919 1856 926 1863 .
945 1856 952 1862 .
972 1856 979 1863 .
1001 1831 1021 1863 6

696 1890 1020 1923 674—681...8
1076 1903 1089 1917 »
1151 1845 1167 1930 i

266 1952 442 1988 Scaeuam
451 1955 539 1998 puto
549 1952 637 1987 satis
647 1963 725 1987 esse
734 1952 920 1997 eleganter
931 1952 1180 1996 constitutam;
1192 1952 1345 1988 forsitan
1353 1952 1516 1988 offendas
1521 1964 1664 1990 versum
1671 1954 1775 2000 (626)
1789 2003 1794 2007 ι

165 2011 302 2047 attrahi
326 2011 373 2046 ad
396 2015 538 2058 partem
563 2011 846 2054 antecedentem,
874 2011 970 2056 quod
992 2011 1081 2047 mihi
1103 2023 1246 2057 quoque
1269 2012 1496 2057 aliquantum
1519 2012 1669 2048 dubium
1693 2011 1774 2049 fuit.

165 2070 236 2106 Sed
263 2070 307 2106 cf.
325 2082 444 2116 supra,
470 2083 504 2116 p.
523 2074 571 2106 4⁷.

314 2141 383 2191 IV.
403 2151 542 2174 scaena
567 2141 708 2185 (682—
717 2140 813 2184 712).

265 2208 352 2244 Post
383 2209 525 2254 «negoti
551 2209 727 2254 incipere»
761 2211 803 2254 (v.
825 2210 910 2255 710)
937 2209 1009 2245 duo
1035 2210 1249 2246 semiversus
1275 2210 1450 2246 excidisse
1473 2213 1597 2255 putem
1619 2222 1702 2246 cum
1727 2208 1772 2247 oh
1834 2221 1835 2224 ¹
1862 2196 1892 2259 *47⁵³

165 2267 257 2311 alias
292 2278 420 2302 causas
454 2271 533 2303 tum
567 2268 612 2303 ob
646 2268 942 2314 compositionem
977 2268 1082 2303 huius
1116 2280 1276 2305 scaenae.
1320 2268 1510 2306 Traditum
1543 2273 1599 2305 est
1632 2268 1773 2306 summo
1816 2311 1829 2320 q

166 2338 357 2362 consensu:
397 2326 606 2373 «Haruspex
633 2328 747 2363 vetuit
773 2331 858 2363 ante
883 2328 1050 2363 brumam
1076 2323 1199 2364 autem
1225 2328 1307 2364 novi
1332 2327 1464 2374 Negoti
1494 2328 1653 2375 incipere
1679 2340 1772 2375 quae
1813 2319 1890 2381 ff}

165 2390 312 2422 causast
334 2386 566 2429 iustissima»,
595 2387 690 2432 quod
712 2386 800 2423 ferri
817 2388 875 2423 vix
898 2391 1027 2434 potest.
1055 2387 1203 2434 Bentley
1226 2389 1280 2424 ita
1300 2388 1460 2425 disserit:
1494 2388 1607 2424 «Illud
1629 2392 1773 2432 ‚autem‘
1798 2392 1805 2398 ’
1824 2383 1896 2437 ‘j

164 2450 268 2481 extra
285 2446 404 2481 locum
423 2449 460 2481 et
478 2446 639 2481 ordinem
657 2447 803 2492 ponitur
821 2475 828 2482 .
848 2475 855 2482 .
874 2475 881 2482 .
902 2447 995 2482 Ante
1018 2447 1185 2483 brumam
1208 2447 1295 2483 nihil
1318 2448 1440 2493 magni
1461 2447 1597 2493 negotii
1613 2447 1783 2495 incipere*
1799 2439 1814 2448 ⁸*
1828 2450 1840 2456 ”
1857 2439 1871 2463 ἱ

163 2516 235 2540 ιιοιι
261 2517 305 2540 ex
330 2505 539 2551 aruspicina
563 2503 680 2548 fluxit,
708 2506 771 2541 sed
797 2506 948 2542 alterius
973 2518 1123 2552 prorsus
1148 2505 1218 2542 fuit
1243 2507 1519 2553 superstitionis.
1550 2506 1629 2542 Hoc
1652 2505 1777 2553 posito.
1828 2500 1869 2556 23}

161 2563 286 2599 videor
320 2564 409 2599 mihi
446 2576 526 2599 meo
557 2564 635 2599 iure
668 2569 750 2610 post
780 2566 914 2608 ‚vetuit‘
945 2565 1228 2611 distinguere...
1261 2566 1336 2601 Iam
1370 2569 1492 2601 autem
1528 2565 1598 2601 rite
1634 2569 1671 2601 et
1706 2577 1772 2602 suo
