1898 2770
693 308 822 348 Scripsit
840 310 893 338 nr.
907 310 971 338 soa.
984 309 1151 337 reniam.

382 496 443 533 odi
464 496 694 542 quaestiones
715 499 758 531 ut
781 506 888 541 saepe
909 495 1006 530 leves
1028 495 1236 540 minimique
1258 507 1304 530 ne
1327 495 1445 530 dicam
1463 495 1597 531 nullius
1614 496 1722 541 pretii

322 551 377 592 his
399 555 632 600 temporibus,
659 554 712 589 ita
733 553 914 599 prioribus
935 553 1042 588 nimis
1064 552 1251 589 florebant.
1278 553 1381 619 Quod
1403 565 1469 599 pro
1494 554 1598 600 copia
1614 565 1723 600 quae—

174 899 257 949 em
278 910 397 946 inesse
413 910 712 946 verisimillimum
735 909 953 955 putabatur:
980 909 1157 955 poematis
1180 909 1311 955 elegeis
1335 909 1532 956 similisque
1555 911 1724 956 generi&

174 960 208 970 ἡ
229 960 322 1007 ⁴·um
352 973 413 1007 est
443 969 578 1007 multos
611 969 658 1006 ad
688 981 778 1016 opus
803 969 979 1006 violenter
1011 969 1206 1005 accessisse
1237 981 1280 1005 ac
1305 970 1467 1006 versibus
1492 970 1724 1017 transpositis

171 1029 180 1039 '
209 1024 240 1061 ·*
259 1046 267 1062 ι
301 1033 411 1076 prout
440 1030 548 1065 libuit
577 1029 728 1065 mutatis
760 1028 818 1074 (cf.
837 1040 929 1074 quae
960 1028 1004 1063 de
1031 1028 1173 1064 Tibullo
1204 1033 1289 1064 sunt
1320 1030 1471 1075 scripta)
1503 1030 1557 1065 rei
1589 1042 1655 1075 per
1684 1040 1724 1065 se

180 1084 182 1087 ’
213 1082 294 1140 'bili
318 1087 447 1126 fecisse
472 1089 661 1126 iacturam.

203 1136 321 1197 Quod
347 1149 396 1185 ad
416 1152 587 1195 poemata
607 1151 783 1184 scaenica
807 1148 949 1190 attinet,
975 1160 1034 1183 res
1061 1148 1167 1183 aliter
1193 1160 1232 1183 se
1258 1148 1377 1184 habet.
1405 1148 1543 1184 Choros
1568 1148 1722 1194 quidem,

147 1207 210 1258 98
240 1219 505 1255 nuncupamus,
537 1208 808 1255 tragoediarum
834 1207 1057 1244 Graecarum
1090 1219 1155 1254 per
1186 1207 1355 1254 strophas
1387 1219 1465 1244 esse
1496 1207 1722 1254 compositos,

181 1276 201 1306 8
216 1272 274 1305 888
289 1268 352 1315 qui
367 1268 533 1305 nesciat?
550 1268 620 1304 Sed
638 1268 725 1314 quid
738 1268 901 1304 dicamus
918 1267 963 1303 de
977 1267 1158 1310 Romanis,
1178 1268 1240 1313 qui
1255 1268 1294 1303 in
1308 1268 1408 1303 chori
1427 1268 1506 1303 loco
1523 1271 1724 1314 posuerunt

173 1317 301 1367 (ficum
319 1327 415 1374 quod
432 1327 610 1363 dicimus?
627 1326 778 1363 Cantica
796 1330 893 1362 certe
911 1338 983 1362 non
1000 1327 1078 1362 sine
1096 1330 1175 1362 arte
1189 1338 1267 1363 esse
1281 1327 1481 1373 composita
1494 1338 1576 1362 cum
1590 1330 1723 1363 natura

180 1435 185 1439 .
231 1387 410 1425 utandum
420 1391 499 1424 tum
510 1387 644 1424 diserte
654 1387 831 1423 traditum
842 1390 898 1423 est
910 1376 991 1433 (vi'd.
999 1386 1119 1432 infra),
1135 1387 1199 1423 sed
1211 1399 1283 1423 non
1297 1391 1381 1423 sunt
1393 1387 1482 1423 satis
1493 1387 1686 1433 disquisita
1693 1391 1721 1431 ¹;

180 1444 407 1494 Terentianis
431 1459 549 1493 pauca
573 1446 735 1493 proferre
761 1446 864 1497 nobis
889 1446 1150 1492 proposuimus.

215 1498 366 1545 Minime
388 1506 454 1543 viri
477 1506 575 1543 docti
591 1506 726 1543 versati
748 1509 833 1542 sunt
854 1505 892 1541 in
916 1505 1146 1552 disponendis
1168 1506 1343 1553 partibus,
1367 1518 1456 1553 quos
1480 1518 1546 1543 nos
1568 1505 1721 1542 dicimus

157 1567 329 1614 saginas,
360 1567 490 1612 quibus
520 1566 673 1601 Romani
702 1566 912 1601 indiderunt
941 1577 1072 1600 nomen
1110 1567 1347 1608 diverbium³‚
1381 1578 1463 1601 cum
1499 1566 1544 1601 de
1577 1565 1721 1611 dialogo

132 1612 172 1629 Ἣ
203 1616 251 1658 -.Ᾰι
283 1625 383 1662 haud
407 1625 515 1672 pauci
540 1624 803 1661 disseruissent.

885 1735 958 1776 A.

759 1820 789 1859 1.
807 1822 1078 1861 Diverbium.

174 1950 177 1951 ⁷
216 1898 258 1936 G.
271 1899 465 1943 Hermann,
490 1899 621 1937 «Elem.
636 1901 748 1938 doctr.
762 1906 900 1946 metu»,
918 1902 977 1938 lib.
992 1902 1054 1938 III.
1070 1914 1098 1938 c.
1115 1906 1170 1946 20,
1195 1903 1259 1938 «de
1276 1903 1509 1949 responsione
1522 1907 1720 1939 metrorum

162 1958 374 2002 diverbiis·‚
397 1972 431 2005 p.
448 1962 651 2003 718—720‚
679 1963 866 2009 annotavit
888 1963 1046 2007 tragicos
1070 1962 1290 1998 Graecorum
1314 1966 1440 2007 poetas
1463 1963 1574 1997 etiam
1596 1966 1720 2008 partes

113 2015 161 2048 '311
171 2020 326 2069 egica-s
341 2022 582 2064 congruenter
599 2007 854 2065 dispertivisse.
880 2020 960 2056 Hac
975 2021 1034 2056 via
1058 2021 1199 2067 longius
1216 2021 1397 2067 progressi
1416 2024 1501 2056 sunt
1518 2020 1557 2056 F.
1571 2020 1719 2064 Ritschl,

114 2066 132 2078 ζ
175 2071 342 2117 Ribbeck
371 2078 447 2113 allii
478 2079 599 2121 multi,
635 2083 744 2125 atque
777 2080 1024 2115 Hermannum
1056 2080 1147 2116 bene
1181 2081 1423 2116 observavisse
1456 2081 1649 2126 praecipue
1681 2080 1720 2115 in

247 2186 386 2226 Exempli
404 2187 502 2225 gratia
515 2187 552 2217 cf.
565 2196 643 2225 quae
658 2188 857 2226 scripserunt:
873 2188 999 2218 H.Weil
1014 2188 1051 2218 de
1066 2189 1210 2227 Tyrtaeo;
1227 2188 1265 2218 de
1278 2190 1376 2227 poetis
1389 2188 1542 2223 Romanis.
1557 2189 1719 2227 praecipue

217 2235 302 2266 bullo
328 2239 359 2265 et
372 2236 487 2275 Vergili
514 2237 626 2275 eclogis
652 2238 809 2275 permulti,
835 2247 963 2276 quorum
989 2239 1111 2267 nomina
1136 2242 1207 2267 sunt
1232 2238 1401 2275 divulgata,
1426 2239 1576 2275 Ribbeck,
1602 2238 1720 2276 Peiper,

240 2307 249 2323 ,
268 2278 524 2316 Maurenb‘rocher
543 2286 606 2316 ani.

233 2333 286 2377 Cgf.
297 2334 638 2373 Daiatzlro-Haulen
653 2336 746 2366 editio
761 2337 959 2380 Phormionis,
973 2347 1002 2375 p.
1015 2336 1076 2374 42⁴,
1097 2338 1162 2367 228.
1187 2338 1231 2367 De
1247 2338 1374 2368 canticis
1387 2338 1537 2368 Plautinis
1557 2337 1719 2375 praecipue

233 2380 261 2414 it
271 2383 307 2414 F.
315 2384 388 2420 Leo,
410 2384 486 2415 ‹Dio
503 2385 632 2423 plautin.
648 2385 772 2416 Cantica
785 2385 848 2415 und
862 2385 911 2415 die
924 2386 1077 2416 hellenist.
1087 2387 1199 2425 Lyrib
1215 2387 1378 2424 (Abhandl.
1394 2387 1448 2417 der
1461 2387 1541 2416 Gott.
1553 2386 1719 2416 Gesellseh.

247 2431 434 2473 ,Tphilaehist
451 2434 567 2472 Klasse,
589 2435 675 2465 Neue
695 2435 788 2473 Folge
808 2435 843 2473 1.,
863 2435 917 2465 Nr.
933 2435 972 2474 7).

249 2482 295 2513 De
315 2492 389 2514 voce
408 2483 447 2514 cf.
462 2484 578 2514 Hauler
597 2484 617 2513 l.
632 2484 652 2513 l.
668 2494 696 2523 p.
710 2485 772 2515 43².

1561 2547 1595 2575 l*
