1898 2770
131 148 323 184 invehitur.
341 170 384 173 —
406 150 607 184 Octonario
621 148 734 185 troch.
753 149 856 195 (491)
874 149 1060 196 aptissime
1076 125 1330 195 siquificantur
1344 148 1539 188 xllavorbe.

131 219 240 253 quam
249 207 423 243 ocissime.
436 207 542 249 Hunc
552 219 694 244 versum
707 212 908 255 sequuntur
919 212 940 244 4
954 209 1149 256 septenarii
1159 208 1284 253 troch.,
1294 207 1504 257 pariterque
1516 210 1519 213 '

129 268 333 303 iambicum
360 268 462 314 (496)
490 271 513 304 4
539 268 734 315 septenarii
759 268 873 305 troch.

231 336 323 373 Sunt
344 337 457 382 igitur
479 341 555 373 tres
576 341 711 384 partes,
738 349 831 383 quae
853 337 953 374 haud
973 338 1095 384 inepte
1117 338 1213 375 inter
1233 350 1272 374 se
1290 338 1514 375 conveniunt.
1540 323 1672 379 Partiti

131 400 257 433 nostra
278 397 339 431 illi
360 409 504 442 quoque
527 401 604 432 tres
622 410 750 433 versus
764 399 922 433 iambici
940 398 1094 434 immixti
1114 398 1211 454 inter
1226 397 1430 434 trochaicos
1449 400 1617 434 0thth
1630 394 1740 436 suum

131 457 302 490 Iocum.⁸⁷
329 455 496 492 Schema:

281 564 368 609 (485
387 592 394 599 .
414 593 421 599 .
440 592 447 599 .
466 564 536 599 bin.
555 564 685 605 troch.)
998 568 1070 601 490
1125 593 1133 600 .
1153 593 1160 600 .
1180 594 1187 601 .
1207 577 1322 601 senar.
1341 567 1453 600 iamb.

299 626 369 658 486
389 651 396 658 .
414 651 421 658 .
441 651 448 658 .
467 626 593 659 octon.
614 625 726 658 iamb.
999 627 1067 660 491
1127 653 1134 660 .
1156 653 1162 660 .
1183 653 1190 660 .
1209 627 1334 660 octon.
1358 624 1471 660 troch.
1855 659 1893 670 ,,,,

299 685 368 717 487
390 711 396 718 .
416 712 422 718 .
442 712 449 718 .
470 688 558 730 sept.
578 683 691 718 troch.
741 616 754 731 Ι
784 713 799 748 I
998 687 1068 720 492
1125 712 1132 719 .
1153 712 1160 719 .
1179 712 1186 719 .
1206 688 1295 730 sept.
1314 683 1426 730 troch.
1493 560 1509 732 l
1532 713 1566 748 H
1842 668 1853 681 Ὗ

298 744 369 777 488
389 770 396 777 .
416 770 423 777 .
443 770 450 777 .
470 747 559 789 sept.
578 742 691 778 troch.
803 741 809 748 ’
999 746 1068 778 493
1126 771 1133 778 .
1152 771 1159 778 .
1178 771 1185 778 .
1205 747 1294 789 sept,
1313 742 1426 779 troch.
1569 741 1576 748 ’

297 805 368 838 489
389 830 395 837 .
415 831 421 837 .
443 831 450 837 .
469 807 558 849 sept.
577 802 692 838 troch.
741 735 755 848 Ι
996 805 1068 838 494
1077 807 1107 827 ³⁸
1126 831 1133 838 .
1151 831 1158 838 .
1178 831 1185 838 .
1205 806 1294 849 sept.
1312 802 1426 839 troch.
1493 734 1510 907 Ι

996 864 1067 897 495
1125 890 1132 897 .
1153 890 1159 897 .
1178 890 1185 897 .
1205 866 1293 908 sept.
1312 862 1425 898 troch.

667 972 738 1004 496
758 997 764 1003 .
784 997 790 1003 .
811 997 818 1003 .
837 971 964 1004 octon.
983 971 1095 1004 iamb.

669 1030 739 1063 497
760 1056 767 1063 .
786 1056 793 1062 .
813 1056 820 1062 .
841 1032 929 1074 sept.
948 1027 1063 1064 troch.
1118 972 1129 1104 Ι

668 1090 740 1122 498
759 1116 766 1122 .
787 1116 793 1122 .
813 1115 820 1121 .
840 1091 929 1133 sept.
949 1087 1062 1123 troch.
1161 1088 1224 1123 III.

668 1150 739 1181 499
759 1175 766 1181 .
786 1174 793 1181 .
812 1174 819 1182 .
840 1150 929 1192 sept.
948 1147 1061 1182 troch.
1114 1109 1130 1243 Ι

670 1209 740 1241 500
761 1234 767 1241 .
787 1235 793 1241 .
813 1235 820 1241 .
840 1210 928 1253 sept.
947 1206 1061 1242 troch.

230 1305 335 1342 Nunc
361 1306 538 1352 reliquam
571 1317 723 1341 scaenae
754 1309 896 1352 partem
923 1306 1159 1353 (501—533)
1185 1304 1431 1352 inspiciamus,
1463 1306 1500 1341 in
1527 1317 1599 1352 qua
1623 1317 1739 1352 usque

131 1366 178 1401 ad
204 1379 234 1401 v.
255 1369 325 1401 516
353 1366 537 1401 alternant
556 1366 734 1401 octonarii
754 1366 900 1401 iambici
918 1378 999 1401 cum
1019 1366 1232 1412 septenariis
1250 1365 1364 1401 troch.
1391 1366 1508 1401 Antea
1526 1377 1740 1402 commemo-

129 1425 285 1461 randum
312 1429 367 1460 est
392 1437 535 1460 versum
562 1427 630 1460 507
659 1437 681 1460 a
702 1424 875 1470 Bentleyo
901 1424 1060 1460 deletum
1086 1428 1123 1460 et
1149 1436 1171 1460 a
1193 1424 1411 1460 Dziatzkone
1436 1425 1474 1460 in
1501 1424 1738 1471 suspicionem

128 1489 296 1521 vocatum
320 1497 399 1521 esse
422 1485 468 1521 ob
490 1484 762 1520 similitudinem
786 1497 865 1520 cum
892 1497 922 1520 v.
945 1487 1023 1520 176.
1052 1484 1123 1521 Sed
1145 1484 1318 1520 Dziatzko
1340 1484 1512 1520 iudicium
1535 1496 1638 1520 suum
1662 1484 1739 1531 ipse
1844 1527 1847 1529 .

129 1545 315 1580 restrinxit
340 1545 517 1591 imprimis
542 1545 579 1579 in
610 1544 808 1590 appendice
835 1544 1002 1579 editionis
1028 1544 1250 1579 secundae.⁸⁹
1281 1543 1386 1579 Nunc
1411 1556 1553 1580 versum
1579 1544 1740 1580 restituit
1864 1533 1898 1584 {³⁴¹

129 1604 266 1640 Hauler
297 1608 373 1639 tam
405 1604 481 1639 acri
508 1608 544 1639 et
569 1604 678 1649 plano
710 1604 930 1646 testimonio,
961 1607 1003 1638 ut
1033 1603 1185 1649 posthac
1216 1603 1395 1639 neminem
1422 1603 1499 1639 fore
1526 1603 1738 1649 putaverim,

131 1664 192 1709 qui
216 1664 254 1698 in
281 1675 323 1699 eo
350 1663 558 1698 offenderet.
585 1662 661 1698 Nec
687 1675 757 1698 uon
780 1675 884 1699 versu
912 1662 1044 1698 omisso
1070 1662 1160 1698 haec
1183 1662 1394 1708 compositio
1417 1673 1570 1699 scaenae
1593 1674 1739 1698 evanes-

130 1726 229 1759 ceret
254 1726 347 1758 tota:

230 1791 409 1827 Phaedria
439 1791 665 1827 fortunatum
698 1791 786 1827 dicit
811 1791 1067 1838 Antiphonem,
1095 1791 1226 1838 quippe
1253 1791 1314 1837 qui
1339 1791 1437 1827 domi
1466 1791 1614 1834 habeat,
1642 1790 1738 1837 quod

130 1856 236 1888 amet.
264 1852 311 1888 At
333 1851 392 1887 hic
415 1851 618 1894 «auribus»,
645 1852 770 1897 inquit,
795 1855 921 1887 «teneo
938 1851 1083 1897 lupum»
1107 1852 1218 1897 (507).
1244 1850 1402 1897 Antipho
1420 1851 1618 1887 Phaedriae
1642 1850 1739 1886 venit

129 1912 264 1947 auxilio
289 1911 327 1946 in
354 1911 577 1946 obsecrando
604 1911 745 1954 lenone,
779 1911 840 1956 qui
871 1910 983 1946 durus
1009 1910 1170 1946 vendidit
1200 1910 1301 1946 illam
1327 1910 1595 1956 cytharistriam
1621 1921 1738 1955 neque

130 1971 329 2007 Phaedriae
355 1970 450 2007 diem
477 1970 524 2006 ad
550 1970 759 2006 solvendum
790 1970 999 2016 prorogavit
1025 1970 1142 2016 (514);
1173 1970 1329 2016 primum
1360 1969 1546 2006 blanditiis
1571 1969 1738 2005 lenonem

129 2031 277 2066 student
312 2030 459 2076 placare
495 2031 612 2076 (521);
651 2029 804 2073 frustra;
848 2030 1048 2075 «repperi»,
1085 2030 1202 2074 inquit
1237 2029 1361 2072 Dorio,
1408 2029 1487 2074 «qui
1520 2029 1583 2064 det
1620 2040 1737 2074 neque

129 2089 346 2133 lacrumet›;
369 2089 515 2124 invenes
539 2101 620 2124 eum
644 2093 792 2124 monent
815 2089 973 2124 nondum
997 2089 1214 2135 praeterisse
1237 2087 1331 2124 diem
1349 2089 1606 2135 praestitutam
1624 2087 1737 2134 (527).

129 2149 295 2184 Frustra!
319 2148 377 2184 «Si
404 2160 475 2184 non
502 2160 582 2184 cras
609 2148 776 2183 attuleris
802 2152 1002 2194 argentum,
1029 2147 1122 2183 alius
1148 2159 1228 2183 eam
1246 2147 1374 2183 ducet»
1406 2148 1518 2194 (533).
1545 2169 1587 2173 —
1615 2147 1753 2199 Habes,

129 2208 286 2254 primum
303 2212 360 2243 ter
378 2212 546 2253 septenos
565 2219 688 2243 versus
706 2208 889 2253 (septenos
912 2219 1039 2242 rursus
1060 2207 1097 2241 in
1115 2210 1238 2252 partes
1256 2206 1412 2242 minores
1432 2209 1451 2242 3
1467 2206 1515 2253 -Ι-
1529 2210 1552 2241 4
1569 2218 1752 2248 νει-811111114

130 2267 320 2313 disponere
346 2267 477 2313 possis)
502 2270 539 2302 et
565 2266 619 2302 bis
647 2277 752 2302 senos
778 2266 870 2312 (seni
897 2268 1066 2309 constant
1092 2277 1136 2301 ex
1162 2268 1183 2302 3
1203 2266 1250 2312 -ξ-
1270 2268 1291 2302 3
1308 2265 1425 2313 vera).

231 2376 254 2393 ⁸⁷
277 2376 390 2405 Meissn.
405 2385 433 2413 p.
449 2375 517 2412 484,
538 2376 597 2405 479
611 2383 716 2405 versus
730 2375 799 2412 485,
818 2376 886 2412 490,
906 2375 961 2404 491
983 2374 1088 2404 eodem
1106 2374 1194 2404 modo
1213 2375 1270 2404 sibi
1286 2375 1434 2405 convertit
1447 2384 1483 2404 ac
1496 2383 1589 2413 supra
1601 2372 1736 2404 fecimus.

130 2425 262 2455 Conradt
283 2434 403 2455 versum
424 2426 480 2455 491
505 2429 539 2454 ut
559 2424 726 2454 clausulam
753 2424 839 2454 nihili
867 2424 980 2462 pendit.
1016 2424 1143 2454 Versum
1164 2426 1237 2462 491,
1261 2434 1350 2463 quem
1372 2425 1458 2454 Conr.
1475 2434 1504 2463 p.
1522 2425 1574 2453 141
1599 2432 1672 2453 suae
1692 2423 1736 2453 rei

129 2485 220 2505 eausa
241 2475 330 2504 valde
350 2478 456 2512 mutat,
478 2475 589 2504 MeiBn.
604 2475 696 2505 talem
719 2474 851 2504 reddidit
871 2474 991 2512 qualem
1012 2474 1136 2504 Hauler.

229 2535 254 2553 ⁸⁸
275 2535 364 2565 Hunc
385 2544 504 2565 versum
525 2535 708 2565 eradendum
730 2538 819 2573 putat
839 2534 950 2564 Meissn.
965 2544 993 2572 p.
1010 2535 1076 2564 548.

230 2595 254 2611 ³⁹
276 2595 318 2624 Cf.
335 2595 425 2624 etiam
450 2595 664 2633 Umpfenbach.
