1898 2770
920 43 987 92 '24

658 185 716 220 Vv.
737 187 857 220 990—-
896 187 993 221 994.
1013 213 1047 220 ..
1068 188 1088 220 5

600 240 603 242 ’
734 247 859 280 995-
893 246 964 280 998
984 271 992 279 .
1011 271 1019 279 .
1038 272 1046 279 .
1064 248 1087 280 4

734 305 965 339 999—1003
984 331 993 338 .
1011 330 1018 339 .
1038 331 1045 339 .
1066 306 1086 339 5

711 364 1045 398 1004—1010...
1066 366 1086 398 τ

711 424 966 458 1011-1015
986 449 994 456 .
1012 449 1019 456 .
1039 449 1046 457 .
1067 425 1088 457 5

712 483 966 517 1016—1020
984 509 992 516 .
1012 509 1019 516 .
1038 509 1045 516 .
1067 484 1086 516 5

712 544 802 576 1021
871 543 964 576 1025
984 568 991 575 .
1011 568 1018 576 .
1038 568 1046 576 .
1066 544 1087 576 5

712 602 964 634 1026—1030
983 627 991 634 .
1010 627 1018 634 .
1038 627 1045 634 .
1066 602 1086 633 5

712 661 853 694 1031-
871 660 964 694 1035
984 686 991 694 .
1011 686 1018 693 .
1038 686 1045 693 .
1066 661 1087 694 5

711 720 964 753 1036—1042
984 745 991 752 .
1010 745 1017 752 .
1037 745 1044 752 .
1065 722 1084 753 7

713 780 965 813 1043—1046
985 805 991 812 .
1010 805 1017 812 .
1037 805 1044 812 .
1064 781 1087 813 4

712 839 1087 872 1047—1051...5

712 899 964 931 1052—1055
983 924 990 931 .
1009 924 1016 931 .
1037 924 1044 931 .
1058 900 1086 938 ‚4

934 1006 991 1046 C.

255 1092 512 1129 Huiuscemodi
527 1092 767 1138 quaestiones,
785 1092 882 1137 quod
898 1092 1044 1138 plurimi
1057 1096 1114 1128 est
1128 1091 1405 1135 aestimandum,
1423 1103 1530 1138 saepe
1543 1094 1602 1127 tei
1613 1094 1766 1128 criticae

158 1164 284 1188 ansam
310 1152 496 1197 praebent.
536 1151 715 1197 Apparuit
741 1151 835 1186 enim
862 1151 1095 1196 partitionem
1121 1151 1291 1188 adiuvare
1318 1151 1484 1186 omnibus
1513 1150 1590 1187 fere
1615 1150 1766 1186 dixerim

156 1212 244 1247 locis
269 1211 472 1257 opinionem
495 1211 604 1253 illam,
633 1223 725 1256 quae
752 1210 833 1246 aliis
860 1222 1002 1256 quoque
1027 1210 1229 1246 rationibus
1254 1211 1409 1256 probata
1430 1209 1581 1253 videtur,
1608 1222 1674 1246 nec
1695 1222 1766 1245 non

156 1271 188 1306 ei
214 1282 418 1316 repugnare
442 1282 567 1306 versus
593 1282 633 1306 re
658 1276 744 1305 vera
770 1270 920 1316 ineptos,
946 1269 1040 1305 falso
1066 1270 1102 1305 in
1129 1270 1369 1316 suspicionem
1395 1272 1541 1305 vocatos
1568 1278 1769 1315 congruere*

156 1343 237 1366 cum
264 1343 315 1367 ea.
344 1330 396 1366 Of.
415 1342 507 1376 quae
533 1330 632 1366 diota
658 1334 744 1366 sunt
770 1330 815 1365 ad
841 1342 893 1365 vv.
916 1333 969 1373 15,
1005 1332 1083 1372 156,
1118 1332 1198 1373 243,
1232 1332 1313 1373 328,
1347 1332 1428 1372 356,
1460 1321 1652 1372 491‚'492‚
1679 1332 1762 1372 496,

157 1394 240 1431 507,
271 1393 352 1432 710,
380 1393 462 1432 828,
491 1393 574 1430 976,
605 1392 711 1425 1028.

255 1448 332 1483 Hac
350 1449 408 1483 via
432 1453 467 1484 et
491 1448 580 1483 alios
603 1448 743 1483 fructus
767 1448 847 1494 capi
869 1460 974 1494 posse
996 1448 1083 1483 mihi
1106 1452 1162 1485 est
1178 1460 1407 1494 persuasum3
1433 1452 1473 1484 at
1497 1460 1593 1483 nunc
1610 1448 1764 1484 multum

154 1507 268 1549 abest,
294 1512 335 1542 ut
352 1519 410 1542 res
434 1508 506 1542 iam
530 1508 576 1542 ad
600 1519 682 1542 eum
706 1507 753 1542 sit
774 1506 882 1543 finem
906 1507 1074 1550 adducta,
1101 1507 1147 1542 ad
1170 1519 1278 1552 quem
1300 1507 1345 1542 de
1369 1508 1518 1552 tragicis
1541 1507 1762 1543 Graecorum

155 1566 323 1611 operibus
349 1567 413 1600 viri
443 1566 540 1601 docti
567 1569 816 1611 pervenerunt.
844 1565 946 1609 Quod
973 1566 1120 1601 minime
1145 1565 1214 1601 hoc
1239 1566 1318 1601 loco
1344 1565 1423 1601 fieri
1449 1569 1579 1611 potest.

254 1624 346 1660 Huic
378 1626 579 1670 quaestioni
610 1629 652 1660 ut
682 1637 747 1671 per
778 1625 940 1671 singulas
970 1629 1094 1671 partes
1124 1629 1347 1672 repugnetur
1381 1646 1423 1651 -—
1461 1624 1673 1671 perdifficile
1710 1628 1766 1661 est

154 1685 313 1730 reperire
339 1684 473 1719 talibus
500 1685 535 1719 in
564 1685 834 1729 quaestionibus
862 1684 998 1729 aliquid
1029 1685 1105 1720 sine
1136 1684 1245 1720 dubio
1272 1685 1361 1720 certi
1387 1705 1436 1710 ——-
1461 1687 1583 1720 tamen
1617 1685 1654 1719 in
1686 1695 1764 1721 rem

154 1743 360 1778 universam
386 1743 634 1788 spectantibus
661 1743 697 1778 id
725 1743 868 1788 quidem
895 1743 1097 1778 elucescere
1123 1743 1324 1788 putaverim
1351 1746 1399 1786 1.)
1417 1744 1643 1778 Phormioni
1666 1747 1765 1778 cette

155 1803 330 1836 nonnihil
362 1804 485 1836 inesse
520 1804 780 1846 symmetriae,
826 1804 875 1844 2.)
918 1803 1014 1836 lianc
1050 1805 1309 1846 symmetriam
1339 1802 1549 1847 paullulum
1577 1804 1769 1837 ⁴momenti

157 1863 292 1896 afferre
335 1862 386 1895 ad
421 1863 731 1905 perspicuitatem
775 1864 1059 1905 compositionis
1105 1865 1141 1895 et
1185 1862 1242 1895 ad
1276 1862 1540 1906 disceptandas
1583 1863 1764 1906 quasdam

158 1932 177 1953 c
181 1932 226 1954 011
230 1923 286 1953 tro
292 1922 442 1954 versias.
