1898 2770
83 134 93 139 ἡ
142 168 183 193 66
208 136 439 193 effrenationi
467 157 662 200 obstitisse,
691 157 770 194 sed.
782 156 937 202 fieustrm
962 156 1137 210 denique
1143 157 1311 208 dmumffss
1325 175 1331 189 ·

141 215 260 253 driam
290 227 414 251 amare
442 216 604 262 coepisse
629 215 831 283 cuiusdam.
840 215 982 254 lenonis
1006 219 1157 259 servam,
1185 205 1309 268 111818

140 868 298 903 extraxit
331 867 500 903 Phormio
534 868 718 914 parasitus
752 868 831 914 lege
866 868 928 903 illa
960 868 1160 914 proposita,
1197 879 1269 913 qua
1300 868 1361 913 qui
1393 867 1503 903 orbae
1535 871 1591 903 est
1616 862 1748 914 genere

139 928 334 973 proximus,
361 939 442 962 eam
465 931 506 963 ut
529 927 640 963 ducat
662 927 916 972 obstringitur3
943 927 1099 962 amicum
1124 939 1161 963 se
1180 926 1350 963 ficturum
1368 938 1445 963 esse
1463 926 1578 972 patris
1595 926 1747 973 puellae,

139 985 454 1032 Antiphonemque
493 987 635 1032 puellae
672 990 866 1032 cognatum
903 987 1125 1032 proximum:
1168 986 1293 1031 itaque
1331 986 1427 1021 hunc
1465 986 1544 1031 lege
1581 989 1752 1026 coactum

139 1046 408 1081 matrimonium
434 1046 608 1081 initurum
635 1056 712 1081 esse
741 1057 821 1081 cum
839 1045 984 1091 virgine.
1013 1045 1159 1081 Patrem
1183 1056 1325 1091 quoque
1349 1045 1566 1081 eludendum
1589 1044 1748 1093 suscepit
1776 1095 1779 1097 .

138 1105 321 1150 parasitus
349 1105 578 1140 simulatione
604 1105 722 1140 litium
749 1106 880 1150 (134).·
914 1105 1014 1139 Haec
1040 1104 1208 1139 machina
1233 1105 1306 1139 iam
1332 1103 1495 1150 perfecta
1519 1104 1621 1139 Davo
1646 1103 1748 1140 inicit

138 1176 310 1210 magnum
346 1168 523 1200 terrorem
555 1164 685 1200 Getam
720 1164 924 1208 miseranti,
958 1164 994 1199 in
1032 1175 1138 1210 quem
1170 1164 1291 1200 omnia
1325 1164 1422 1200 mala
1451 1163 1638 1210 irruptura
1668 1175 1747 1200 esse

141 515 323 548 mortuam
350 513 437 558 (96)
478 512 634 548 Posthac
660 524 699 548 re
727 512 860 548 clarius
887 513 933 548 ab
959 513 1021 548 illo
1045 513 1208 558 exposita
1231 515 1428 548 commotos
1454 524 1549 555 esse,
1574 515 1617 548 ut
1642 521 1695 552 eo.
1703 502 1795 558 scs&

142 569 332 607 conferant
350 572 463 618 (102).
490 570 725 606 Pulchritudo
743 571 885 617 puellae
903 571 1089 617 eleganter
1114 571 1332 607 describitur
1357 571 1470 617 (108),
1495 574 1584 614 tum,
1610 561 1751 618 quanta

140 631 174 665 vi
209 631 442 667 commoverit
476 631 643 666 iuvenum
678 631 817 666 animos
854 631 967 677 (111).
1010 630 1252 677 Antiphonem
1286 641 1409 666 amore
1446 633 1592 676 captum
1622 628 1793 674 adisse

141 690 328 732 nutricem,
356 690 419 733 sed
442 701 521 724 eam
547 689 703 724 noluisse
728 688 848 724 facere
874 690 1015 735 copiam
1039 689 1190 735 puellae,
1217 689 1284 724 nisi
1310 689 1389 735 lege
1414 689 1451 723 in
1477 684 1751 724 matrimonium
1776 705 1783 708 ·

141 749 273 785 ductae
317 749 430 796 (116).
475 748 671 795 «Antipho
679 777 686 792 ,
724 749 841 794 inquit
877 748 980 791 Geta,
1025 752 1208 785 «versatus
1243 749 1280 784 in
1316 748 1522 785 discrimine
1557 747 1790 784 tenebatur

140 820 271 854 magno
297 808 486 851 desiderio,
515 809 619 844 simul
648 808 752 844 valde
778 809 913 843 veritus
939 812 1083 854 patrem
1111 809 1222 855 (121).
1249 808 1328 851 Qua
1355 820 1398 844 ex
1423 807 1639 844 difficultate
1665 818 1748 855 eum
1788 838 1789 841 ,

140 1224 351 1259 arbitratur.
397 1224 491 1260 Geta
521 1225 701 1270 permittit
731 1236 769 1259 se
799 1223 967 1259 fortunae
1000 1236 1086 1259 suae
1114 1224 1225 1269 (139).
1269 1224 1347 1259 Hoc
1373 1224 1452 1259 loco
1478 1224 1641 1259 narratio
1666 1224 1747 1270 ipsa
1767 1251 1784 1264 ,μ

141 1283 187 1318 ad
207 1283 314 1318 finem
345 1283 504 1319 adducta
523 1287 592 1327 est;
619 1283 713 1319 Geta
737 1283 870 1329 repetit
892 1282 1160 1340 paucisssverbis
1183 1283 1493 1329 importunitatem
1515 1294 1617 1319 suam
1636 1283 1747 1330 (143).

139 1343 229 1378 Tum
255 1343 352 1381 redit
376 1343 494 1378 oratio
512 1343 558 1378 ad
576 1342 801 1384 Phaedriam,
826 1343 887 1388 qui
912 1343 1034 1389 inopia
1057 1343 1232 1389 pecuniae
1250 1342 1518 1389 cytharistriam
1537 1354 1609 1379 non
1625 1346 1748 1389 potest

139 1402 326 1445 redimere,
353 1406 391 1438 et
417 1403 463 1438 ad
491 1402 752 1448 Demiphonem
780 1402 891 1449 (150).
919 1402 1095 1438 Postremi
1123 1402 1193 1438 duo
1221 1414 1343 1438 versus
1371 1406 1456 1438 sunt
1482 1402 1646 1438 scaenici.

239 1478 436 1513 Versiculis
462 1477 673 1522 significatis
698 1477 897 1512 sententias
922 1477 1082 1522 singulas
1106 1476 1243 1512 absolvi
1264 1488 1430 1512 censeam
1453 1477 1632 1512 neminem
1657 1476 1746 1520 fore,
1786 1488 1791 1492 ’
1840 1491 1844 1494 ’

139 1537 224 1583 quin
248 1537 432 1572 concedat.
461 1537 514 1572 De
536 1549 566 1571 v.
585 1539 653 1571 102
675 1536 751 1571 solo
768 1547 826 1571 res
845 1536 956 1571 dubia
974 1539 1038 1579 est,
1061 1536 1146 1582 quia
1171 1535 1390 1572 intermissio
1411 1536 1531 1582 posita
1554 1540 1610 1572 est
1627 1535 1747 1573 media

138 1597 173 1631 in
193 1594 365 1638 oratione,
385 1597 487 1631 cuius
505 1597 603 1642 prior
622 1600 677 1632 est
695 1608 780 1641 pars
799 1608 880 1631 cum
898 1596 1016 1631 altera
1035 1595 1299 1641 coniungenda;
1327 1595 1390 1631 sed
1412 1596 1480 1631 hoc
1502 1596 1582 1631 loco
1600 1596 1746 1632 credere

137 1656 222 1691 licet
248 1660 331 1700 post
356 1666 479 1691 vocem
512 1667 679 1690 ‹censeo›
712 1667 836 1690 omnes
863 1655 1066 1697 adnuere&
1089 1658 1202 1700 atque
1228 1655 1322 1689 viam
1347 1654 1496 1700 ingredi.

240 1729 345 1764 Nunc
378 1729 509 1763 iterum
538 1728 822 1773 contemplemur
854 1739 1031 1763 scaenam.
1075 1727 1259 1763 Habemus
1292 1728 1446 1774 primum
1480 1732 1610 1774 quater
1641 1740 1746 1765 senos

139 1800 271 1830 versus,
296 1799 385 1833 quos
410 1791 597 1833 tamquam
622 1787 785 1822 clausula
804 1791 1004 1832 sequuntur
1029 1787 1195 1832 quinque,
1220 1790 1264 1822 29
1284 1787 1396 1833 igitur
1412 1798 1536 1823 versus
1554 1787 1616 1834 (ad
1633 1800 1662 1824 ν.
1675 1790 1744 1835 79).

140 1847 265 1882 Adhuc
288 1847 488 1882 invenimus
510 1846 772 1892 praefationem
801 1850 944 1881 tantum
968 1847 1239 1892 sententiasque
1263 1844 1438 1892 vulgares.
1467 1846 1554 1882 Inde
1576 1846 1623 1884 ab
1646 1860 1677 1883 v,
1697 1850 1745 1886 80

137 1907 328 1943 incohatur
353 1906 513 1942 narratio
537 1906 624 1952 ipsa,
650 1906 816 1952 amplexa
833 1906 989 1953 primum
1008 1906 1174 1952 quinque,
1198 1906 1327 1942 deinde
1345 1909 1476 1952 quater
1498 1918 1603 1943 senos
1620 1918 1764 1944 versus-

137 1967 199 2013 (ad
231 1967 382 2012 v.109):
428 1967 515 2001 item
553 1970 597 2001 29
634 1978 738 2010 ve1·s.;
778 1966 861 2001 inde
896 1966 1013 2001 tribus
1051 1978 1141 2001 vers.
1174 1977 1315 2001 summa
1357 1969 1394 2001 et
1437 1966 1577 2002 culmen
1621 1978 1746 2003 narra-

137 2027 244 2062 tionis
272 2026 486 2061 continetur.
515 2025 794 2071 Subsequuntur
822 2028 867 2061 28
893 2025 1061 2061 versiculi
1081 2025 1150 2071 (ad
1179 2025 1272 2071 139),
1299 2025 1402 2061 initio
1429 2028 1467 2061 et
1492 2024 1562 2061 fine
1589 2018 1763 2073 amplexi*
1800 2074 1804 2077 .
1845 2023 1856 2057 ’ἶ

138 2086 264 2131 quinos
282 2097 406 2120 versus
425 2085 513 2130 (illic
531 2085 586 2120 bis
606 2085 742 2129 quinos,
761 2084 819 2120 hic
837 2085 1018 2130 quinque),
1044 2096 1125 2119 cum
1148 2084 1267 2119 media
1284 2095 1370 2129 pars
1388 2084 1572 2120 contineat
1592 2088 1635 2121 13
1654 2097 1744 2122 vers.

138 2145 389 2190 (122—134);
415 2143 471 2178 his
502 2146 545 2179 13
573 2155 672 2183 vers,
701 2144 830 2188 quibus
866 2144 988 2189 agitur
1022 2143 1066 2178 de
1100 2142 1337 2178 fundamento
1375 2143 1594 2186 comoediae,
1629 2156 1761 2188 suum,-

138 2204 233 2250 quod
260 2203 392 2240 attinet
418 2203 463 2238 ad
491 2203 747 2249 symmetriam,
774 2203 893 2239 locum
920 2202 1187 2238 concedendum
1216 2213 1293 2238 6666
1320 2206 1453 2249 putem.
1489 2202 1537 2239 At
1562 2214 1646 2240 vero
1672 2215 1743 2251 non

138 2263 271 2299 infitior
310 2268 346 2301 iu
384 2267 440 2302 his
479 2270 524 2302 28
551 2279 640 2302 vers.
667 2279 724 2302 me
759 2279 829 2302 non
866 2267 1025 2302 invenire
1065 2267 1224 2312 potuisse
1264 2267 1557 2312 compositionem
1595 2278 1744 2313 prorsus
1792 2292 1797 2302 ,

137 2325 348 2371 expolitam3
388 2326 483 2372 quod
517 2326 774 2362 detrimentum
808 2327 926 2362 minus
961 2338 1039 2362 esse
1070 2325 1227 2369 videtur,
1268 2338 1378 2372 quam
1416 2326 1446 2362 si
1480 2327 1560 2372 quis
1593 2330 1673 2363 arte
1707 2331 1745 2364 61

136 2385 306 2421 violentia
338 2386 600 2431 procreavisset
632 2387 879 2432 symmetriam
905 2385 1045 2421 formae
1071 2385 1344 2431 pulcherrimae.
1372 2385 1459 2421 Post
1488 2388 1556 2421 139
1576 2386 1767 2423 absoluta»
1791 2433 1795 2436 ᾖ

136 2445 215 2491 ipsa
241 2445 450 2480 narratione
478 2449 677 2490 sequuntur
704 2445 876 2481 nonnulla
902 2444 1070 2481 addenda
1094 2448 1129 2481 et
1151 2456 1194 2481 ea
1219 2445 1311 2482 bene
1338 2445 1546 2492 composita.

237 2591 261 2609 ¹⁹
283 2592 326 2622 Cf.
347 2601 484 2631 ‹censeo;
508 2595 662 2623 eamusl»
